@inproceedings{kellogg2016passive,
	title={Passive wi-fi: Bringing low power to wi-fi transmissions},
	author={Kellogg, Bryce and Talla, Vamsi and Gollakota, Shyamnath and Smith, Joshua R},
	booktitle={13th $\{$USENIX$\}$ Symposium on Networked Systems Design and Implementation ($\{$NSDI$\}$ 16)},
	pages={151--164},
	year={2016}
}

@article{kapetanovic2019glaze,
	title={Glaze: Overlaying Occupied Spectrum with Downlink IoT Transmissions},
	author={Kapetanovic, Zerina and Saffari, Ali and Chandra, Ranveer and Smith, Joshua R},
	journal={Proceedings of the ACM on Interactive, Mobile, Wearable and Ubiquitous Technologies},
	volume={3},
	number={4},
	pages={1--21},
	year={2019},
	publisher={ACM New York, NY, USA}
}

@inproceedings{huang2010beyond,
	title={Beyond co-existence: Exploiting WiFi white space for Zigbee performance assurance},
	author={Huang, Jun and Xing, Guoliang and Zhou, Gang and Zhou, Ruogu},
	booktitle={The 18th IEEE International Conference on Network Protocols},
	pages={305--314},
	year={2010},
	organization={IEEE}
}

@inproceedings{dhanapala2017modeling,
	title={Modeling wifi traffic for white space prediction in wireless sensor networks},
	author={Dhanapala, Indika Sanjeewa Abeywickrama and Marfievici, Ramona and Palipana, Sameera and Agrawal, Piyush and Pesch, Dirk},
	booktitle={2017 IEEE 42nd Conference on Local Computer Networks (LCN)},
	pages={551--554},
	year={2017},
	organization={IEEE}
}

@article{yamkhin2009modeling,
	title={Modeling and Analysis of Wireless LAN Traffic.},
	author={Yamkhin, Dashdorj and Won, Youjip},
	journal={Journal of Information Science \& Engineering},
	volume={25},
	number={6},
	year={2009}
}

@article{gershenfeld2004internet,
	title={The internet of things},
	author={Gershenfeld, Neil and Krikorian, Raffi and Cohen, Danny},
	journal={Scientific American},
	volume={291},
	number={4},
	pages={76--81},
	year={2004},
	publisher={JSTOR}
}

@article{baker2017internet,
	title={Internet of things for smart healthcare: Technologies, challenges, and opportunities},
	author={Baker, Stephanie B and Xiang, Wei and Atkinson, Ian},
	journal={IEEE Access},
	volume={5},
	pages={26521--26544},
	year={2017},
	publisher={IEEE}
}

@article{lee2018design,
	title={Design and application of Internet of things-based warehouse management system for smart logistics},
	author={Lee, CKM and Lv, Yaqiong and Ng, KKH and Ho, William and Choy, KL},
	journal={International Journal of Production Research},
	volume={56},
	number={8},
	pages={2753--2768},
	year={2018},
	publisher={Taylor \& Francis}
}

@article{OFFB,
	title={OFFB: Off-state Tolerant Backscattering with Roadside WiFi APs},
	author={Under Submission},
	journal={ACM SIGMOBILE Mobile Computing and Communications Review},
	volume={},
	number={},
	pages={1--13},
	year={2020},
	publisher={}
}

@inproceedings{wang2017fm,
	title={$\{$FM$\}$ Backscatter: Enabling Connected Cities and Smart Fabrics},
	author={Wang, Anran and Iyer, Vikram and Talla, Vamsi and Smith, Joshua R and Gollakota, Shyamnath},
	booktitle={14th $\{$USENIX$\}$ Symposium on Networked Systems Design and Implementation ($\{$NSDI$\}$ 17)},
	pages={243--258},
	year={2017}
}

@inproceedings{zhang2017freerider,
	title={Freerider: Backscatter communication using commodity radios},
	author={Zhang, Pengyu and Josephson, Colleen and Bharadia, Dinesh and Katti, Sachin},
	booktitle={Proceedings of the 13th International Conference on emerging Networking EXperiments and Technologies},
	pages={389--401},
	year={2017}
}

@article{liu2013ambient,
	title={Ambient backscatter: Wireless communication out of thin air},
	author={Liu, Vincent and Parks, Aaron and Talla, Vamsi and Gollakota, Shyamnath and Wetherall, David and Smith, Joshua R},
	journal={ACM SIGCOMM Computer Communication Review},
	volume={43},
	number={4},
	pages={39--50},
	year={2013},
	publisher={ACM New York, NY, USA}
}

@inproceedings{kellogg2014wi,
	title={Wi-Fi backscatter: Internet connectivity for RF-powered devices},
	author={Kellogg, Bryce and Parks, Aaron and Gollakota, Shyamnath and Smith, Joshua R and Wetherall, David},
	booktitle={Proceedings of the 2014 ACM conference on SIGCOMM},
	pages={607--618},
	year={2014}
}

@article{bharadia2015backfi,
	title={Backfi: High throughput wifi backscatter},
	author={Bharadia, Dinesh and Joshi, Kiran Raj and Kotaru, Manikanta and Katti, Sachin},
	journal={ACM SIGCOMM Computer Communication Review},
	volume={45},
	number={4},
	pages={283--296},
	year={2015},
	publisher={ACM New York, NY, USA}
}

@article{stockman1948communication,
	title={Communication by means of reflected power},
	author={Stockman, Harry},
	journal={Proceedings of the IRE},
	volume={36},
	number={10},
	pages={1196--1204},
	year={1948},
	publisher={IEEE}
}

@inproceedings{parks2014sifting,
	title={Sifting through the airwaves: Efficient and scalable multiband RF harvesting},
	author={Parks, Aaron N and Smith, Joshua R},
	booktitle={2014 IEEE International Conference on RFID (IEEE RFID)},
	pages={74--81},
	year={2014},
	organization={IEEE}
}